%%%%%%%%%%%%%%%%%%%%%%%%%%%%%%%%%%%%%%%%%%%
%%              INTRODUCCIÓN             %%
%%%%%%%%%%%%%%%%%%%%%%%%%%%%%%%%%%%%%%%%%%%

% historia, intro, contexto
@article{martin2007historia,
  title={Historia de la rob{\'o}tica: de Arquitas de Tarento al robot Da Vinci (Parte I)},
  author={Mart{\'\i}n, FM S{\'a}nchez and Rodr{\'\i}guez, F Mill{\'a}n and Bayarri, J Salvador and Redorta, J Palou and Escovar, F Rodr{\'\i}guez and Fern{\'a}ndez, S Esquena and Mavrich, H Villavicencio},
  journal={Actas Urol{\'o}gicas Espa{\~n}olas},
  volume={31},
  number={2},
  pages={69--76},
  year={2007},
  publisher={Elsevier}
}

% historia, intro, contexto
@book{baturone2005robotica,
  title={Rob{\'o}tica: manipuladores y robots m{\'o}viles},
  author={Baturone, An{\'\i}bal Ollero},
  year={2005},
  publisher={Marcombo}
}

% RAE, intro, contexto
@misc{rae,
  title = {Diccionario de la lengua española, 23.º ed.},
  author = {Real Academia Española},
  howpublished = {\url{https://dle.rae.es}},
  note = {Último acceso: 02-02-2020}
}

% clasificacion, intro, contexto
@article{de2006robotica,
  title={Rob{\'o}tica: Estado del arte},
  author={de Garibay Pascual, Jonathan Ruiz},
  journal={Universidad de Deuston. N{\'u}mero. Fecha},
  pages={54},
  year={2006}
}

% tipos aeronaves, intro, contexto
@misc{tfg-jesus,
  title = {Programación de dron para seguimiento autónomo de trayectorias en 3D},
  author = {Jesús Saiz Colomina},
  howpublished = {\url{https://github.com/RoboticsLabURJC/2017-tfg-jesus-saiz}},
  note = {Último acceso: 24-02-2020}
}

% robot aereos, intro, contexto
@article{barrientos2007vehiculos,
  title={Veh{\'\i}culos a{\'e}reos no tripulados para uso civil. Tecnolog{\'\i}a y aplicaciones},
  author={Barrientos, Antonio and Del Cerro, J and Guti{\'e}rrez, P and San Mart{\'\i}n, R and Mart{\'\i}nez, A and Rossi, C},
  journal={Universidad polit{\'e}cnica de Madrid, Madrid},
  year={2007}
}

% Aplicaciones, intro, contexto
@misc{tfg-jorge,
  title = {Despegue, navegación y aterrizaje visuales de un drone usando JdeRobot},
  author = {Jorge Vela Peña},
  howpublished = {\url{https://github.com/RoboticsLabURJC/2016-tfg-jorge-vela}},
  note = {Último acceso: 24-02-2020}
}

% Aplicaciones, intro, contexto
@misc{tfg-diego,
  title = {Drones con protocolo MAVLink en el entorno JdeRobot},
  author = {Diego Jiménez Bravo},
  howpublished = {\url{https://github.com/RoboticsLabURJC/2016-tfg-Diego-Jimenez}},
  note = {Último acceso: 24-02-2020}
}

% CONYCA SL, intro, problema
@misc{conyca,
  title = {Web},
  author = {Conyca S.L.},
  howpublished = {\url{http://www.conyca.es/}},
  note = {Último acceso: 24-01-2020}
}

% RoboticsLab, intro, problema
@misc{roboticslab,
  title = {Twitter @RoboticsLabURJC},
  author = {Grupo de robótica de la URJC},
  howpublished = {\url{https://twitter.com/RoboticsLabURJC?lang=es}},
  note = {Último acceso: 24-01-2020}
}

% JdeRobot, intro, problema
@misc{jderobot,
  title = {Asociación de robótica JdeRobot},
  author = {JdeRobot},
  howpublished = {\url{https://jderobot.github.io/}},
  note = {Último acceso: 02-03-2020}
}

% Geodrone, intro, problema
@misc{geodrone,
  title = {Geodrone Mapper},
  author = {Geodrone},
  howpublished = {\url{http://geodrone.es/}},
  note = {Último acceso: 24-01-2020}
}

% QGroundControl, intro, problema
@misc{qgroundcontrol,
  title = {QGroundControl},
  author = {Dronecode Project, Inc.},
  howpublished = {\url{http://qgroundcontrol.com/}},
  note = {Último acceso: 18-03-2020}
}

% MissionPlanner, intro, problema
@misc{mission-planner,
  title = {Mission Planner},
  author = {ArduPilot Dev Team},
  howpublished = {\url{https://ardupilot.org/planner/}},
  note = {Último acceso: 18-03-2020}
}

% PFC Jose, intro, objetivos
@misc{pfc-jose,
  title = {Navegación por posición para un avión autónomo con JdeRobot},
  author = {José Antonio Fernández Casillas},
  howpublished = {\url{https://github.com/RoboticsLabURJC/2014-pfc-JoseAntonio-Fernandez}},
  note = {Último acceso: 24-01-2020}
}

%%%%%%%%%%%%%%%%%%%%%%%%%%%%%%%%%%%%%%%%%%%%%%
%%              INFRAESTRUCTURA             %%
%%%%%%%%%%%%%%%%%%%%%%%%%%%%%%%%%%%%%%%%%%%%%%

% Ubuntu, infraestructura
@misc{ubuntu,
  title = {Ubuntu 18.04.3 LTS},
  author = {Canonical Ltd.},
  howpublished = {\url{https://ubuntu.com/download/desktop}},
  note = {Último acceso: 09-02-2020}
}

% Pyhton, infraestructura
@misc{python,
  title = {Pyhton},
  author = {Python Software Foundation},
  howpublished = {\url{https://www.python.org/}},
  note = {Último acceso: 09-02-2020}
}

% PyQt5, infraestructura
@misc{pyqt,
  title = {PyQt5},
  author = {Riverbank Computing Limited},
  howpublished = {\url{https://riverbankcomputing.com/software/pyqt/intro}},
  note = {Último acceso: 10-02-2020}
}

% Qt, infraestructura
@misc{qt,
  title = {Qt5},
  author = {The Qt Company},
  howpublished = {\url{https://www.qt.io/}},
  note = {Último acceso: 10-02-2020}
}

% Pymavlink, infraestructura
@misc{pymavlink,
  title = {PyMavlink},
  author = {ArduPilot},
  howpublished = {\url{https://github.com/ArduPilot/pymavlink}},
  note = {Último acceso: 10-02-2020}
}

% Google Map Server
@misc{google-map,
  title = {Google Map Server},
  author = {Google LLC},
  howpublished = {\url{https://developers.google.com/maps/documentation?hl=es}},
  note = {Último acceso: 10-02-2020}
}

% Open Map Tiles
@misc{open-map,
  title = {Open Map Tiles},
  author = {Klokan Technologies GmbH and OSM community},
  howpublished = {\url{https://openmaptiles.org/about/}},
  note = {Último acceso: 10-02-2020}
}

% urllib, infraestructura
@misc{urlib,
  title = {Urllib},
  author = {Python Software Foundation},
  howpublished = {\url{https://docs.python.org/3/library/urllib.html}},
  note = {Último acceso: 10-02-2020}
}

% pil, infraestructura
@misc{pil,
  title = {PIL},
  author = {Alex Clark and Contributors},
  howpublished = {\url{https://pillow.readthedocs.io/en/stable/}},
  note = {Último acceso: 10-02-2020}
}

% IGN , infraestructura
@misc{ign,
  title = {Instituto Geográfico Nacional},
  author = {Ministerio de Fomento},
  howpublished = {\url{https://www.ign.es/web/ign/portal}},
  note = {Último acceso: 10-02-2020}
}

% PNOA, infraestructura
@misc{pnoa,
  title = {Plan Nacional de Ortofotografía Aérea},
  author = {Instituto Geográfico Nacional},
  howpublished = {\url{https://pnoa.ign.es/}},
  note = {Último acceso: 10-02-2020}
}

% GDAL,infraestructura
@misc{gdal,
  title = {GDAL},
  author = {OSGeo},
  howpublished = {\url{https://www.osgeo.org/projects/gdal/}},
  note = {Último acceso: 10-02-2020}
}

% math, infraestructura
@misc{math-python,
  title = {Math Python Library},
  author = {Python Software Foundation},
  howpublished = {\url{https://docs.python.org/3/library/math.html}},
  note = {Último acceso: 10-02-2020}
}

% Numpy, infraestructura
@misc{numpy,
  title = {NumPy},
  author = {NumPy developers},
  howpublished = {\url{https://numpy.org/}},
  note = {Último acceso: 10-02-2020}
}

% threading, infraestructura
@misc{threading-python,
  title = {Threading Python Library},
  author = {Python Software Foundation},
  howpublished = {\url{https://docs.python.org/3/library/threading.html}},
  note = {Último acceso: 10-02-2020}
}

% json, infraestructura
@misc{json-python,
  title = {JSON Python Library},
  author = {Python Software Foundation},
  howpublished = {\url{https://docs.python.org/3/library/json.html}},
  note = {Último acceso: 10-02-2020}
}

% collections, infraestructura
@misc{collection-python,
  title = {Collections Python Library},
  author = {Python Software Foundation},
  howpublished = {\url{https://docs.python.org/3/library/collections.html}},
  note = {Último acceso: 10-02-2020}
}

% datetime, infraestructura
@misc{datetime-python,
  title = {Datetime Python Library},
  author = {Python Software Foundation},
  howpublished = {\url{https://docs.python.org/3/library/datetime.html}},
  note = {Último acceso: 10-02-2020}
}

% time, infraestructura
@misc{time-python,
  title = {Time Python Library},
  author = {Python Software Foundation},
  howpublished = {\url{https://docs.python.org/3/library/time.html}},
  note = {Último acceso: 10-02-2020}
}

% qfi, infraestructura
@misc{qfi-python,
  title = {QFlightInstruments},
  author = {Marek Cel and Aitor Martinez (JdeRobot)},
  howpublished = {\url{https://github.com/JdeRobot/ThirdParty/tree/master/qflightinstruments}},
  note = {Último acceso: 10-02-2020}
}

% github, infraestructura
@misc{github,
  title = {GitHub},
  author = {GitHub, Inc.},
  howpublished = {\url{https://github.com/}},
  note = {Último acceso: 26-02-2020}
}

% Pycharm, infraestructura
@misc{pycharm,
  title = {PyCharm},
  author = {JetBrains s.r.o.},
  howpublished = {\url{https://www.jetbrains.com/es-es/pycharm/}},
  note = {Último acceso: 26-02-2020}
}

% repo tfg, infraestructura
@misc{repo-tfg,
  title = {Repositorio GitHub del trabajo},
  author = {Pedro Arias Pérez},
  howpublished = {\url{https://github.com/RoboticsLabURJC/2019-tfg-pedro-arias}},
  note = {Último acceso: 26-02-2020}
}

% loop control, infraestructura
@misc{loop-control,
  title = {Bucle de control de un UAV},
  author = {Dronecode Project, Inc.},
  howpublished = {\url{https://dev.px4.io/master/en/concept/architecture.html}},
  note = {Último acceso: 24-02-2020}
}

% 3DR Solo Drone, infraestructura
@misc{3dr,
  title = {3DR Solo Drone},
  author = {3DR Robotics},
  howpublished = {\url{https://newthreedee.wpengine.com/}},
  note = {Último acceso: 11-02-2020}
}

% Pixhawk, infraestructura
@misc{pixhawk,
  title = {Pixhawk},
  author = {Auterion Ltd.},
  howpublished = {\url{https://pixhawk.org/}},
  note = {Último acceso: 07-03-2020}
}

% Ardupilot, infraestructura
@misc{ardupilot,
  title = {Ardupilot},
  author = {Ardupilot Development Team and Community},
  howpublished = {\url{https://ardupilot.org/}},
  note = {Último acceso: 11-02-2020}
}

% PX4, infraestructura
@misc{px4,
  title = {PX4},
  author = {Dronecode Project, Inc.},
  howpublished = {\url{https://px4.io/}},
  note = {Último acceso: 11-02-2020}
}

% Gazebo, Infraestructura
@misc{gazebo,
  title = {Gazebo},
  author = {Open Source Robotics Foundation},
  howpublished = {\url{http://gazebosim.org/}},
  note = {Último acceso: 11-02-2020}
}

% MAVLink, Infraestructura
@misc{mavlink,
  title = {MAVLink},
  author = {Dronecode Project, Inc.},
  howpublished = {\url{https://mavlink.io/en/}},
  note = {Último acceso: 11-02-2020}
}

% MAVLink microservices, Infraestructura
@misc{mavlink-microserv,
  title = {Microservicios de MAVLink},
  author = {Dronecode Project, Inc.},
  howpublished = {\url{https://mavlink.io/en/services/}},
  note = {Último acceso: 02-03-2020}
}

%%%%%%%%%%%%%%%%%%%%%%%%%%%%%%%%%%%%%%%%%%%%%%
%%                  TIERRA                  %%
%%%%%%%%%%%%%%%%%%%%%%%%%%%%%%%%%%%%%%%%%%%%%%
% Fotogrametria, diseño
@article{otero2010fotogrametria,
  title={Fotogrametr{\'\i}a},
  author={Otero, I and Ezquerra, A and Rodr{\'\i}guez-Solano, R and Mart{\'\i}n, L and Bachiller, I},
  year={2010}
}


% Formato de mission, Diseño
@misc{formato,
  title = {Formato de ficheros},
  author = {Dronecode Project, Inc.},
  howpublished = {\url{https://mavlink.io/en/file_formats/#mission_plain_text_file}},
  note = {Último acceso: 22-02-2020}
}

% Protocolo de mision, Diseño
@misc{protocol-mission,
  title = {Protocolo de misiones de MAVLink},
  author = {Dronecode Project, Inc.},
  howpublished = {\url{https://mavlink.io/en/services/mission.html#uploading_mission}},
  note = {Último acceso: 22-02-2020}
}

% implementación protocolo de mision, Diseño
@misc{implem-prot,
  title = {Pseudo-código con la implementación del protocolo de misiones de MAVLink},
  author = {University of Colorado Boulder},
  howpublished = {\url{https://www.colorado.edu/recuv/2015/05/25/mavlink-protocol-waypoints}},
  note = {Último acceso: 22-02-2020}
}

% mavlink-msgs, diseño
@misc{mavlink-msg,
  title = {Documentación de MAVLink con los mensajes disponibles.},
  author = {Dronecode Project, Inc.},
  howpublished = {\url{https://mavlink.io/en/messages/common.html}},
  note = {Último acceso: 26-02-2020}
}

% mav-cmd-msgs, diseño
@misc{mav-cmd-msg,
  title = {Comandos \emph{MAV\_CMD}},
  author = {Dronecode Project, Inc.},
  howpublished = {\url{https://mavlink.io/en/messages/common.html#mav_commands}},
  note = {Último acceso: 26-02-2020}
}

% heartbeat, diseño
@misc{heartbeat,
  title = {Mensaje \emph{HEARTBEAT}},
  author = {Dronecode Project, Inc.},
  howpublished = {\url{https://mavlink.io/en/messages/common.html#HEARTBEAT}},
  note = {Último acceso: 26-02-2020}
}

% mission item, diseño
@misc{mission-item,
  title = {Mensaje \emph{MISSION\_ITEM}},
  author = {Dronecode Project, Inc.},
  howpublished = {\url{https://mavlink.io/en/messages/common.html#MISSION_ITEM}},
  note = {Último acceso: 26-02-2020}
}

% cmd-long, diseño
@misc{cmd-long,
  title = {Mensaje \emph{COMMAND\_LONG}},
  author = {Dronecode Project, Inc.},
  howpublished = {\url{https://mavlink.io/en/messages/common.html#COMMAND_LONG}},
  note = {Último acceso: 26-02-2020}
}

% change-speed, diseño
@misc{change-speed-cmd,
  title = {Comando \emph{MAV\_CMD\_DO\_CHANGE\_SPEED}},
  author = {Dronecode Project, Inc.},
  howpublished = {\url{https://mavlink.io/en/messages/common.html#MAV_CMD_DO_CHANGE_SPEED}},
  note = {Último acceso: 26-02-2020}
}


%% EXPERIMENTACIÓN

% seseña, experimentacion
@misc{campo-vuelo,
  title = {Campo de vuelo de Seseña},
  author = {R.C. Seseña.},
  howpublished = {\url{https://aeromodelismosesena.wordpress.com/}},
  note = {Último acceso: 26-02-2020}
}
